<record xmlns="http://www.loc.gov/MARC21/slim" xmlns:xsi="http://www.w3.org/2001/XMLSchema-instance" xsi:schemaLocation="http://www.loc.gov/MARC21/slim http://www.loc.gov/standards/marcxml/schema/MARC21slim.xsd"><leader>01427cz   2200325n  4500</leader><controlfield tag="001">oca00317199 </controlfield><controlfield tag="005">20040213033141.0</controlfield><controlfield tag="008">791004n| acannaab           |a aaa      </controlfield><datafield ind1=" " ind2=" " tag="010"><subfield code="a">n  79084710 </subfield></datafield><datafield ind1=" " ind2=" " tag="040"><subfield code="a">DLC</subfield><subfield code="c">DLC</subfield><subfield code="d">DLC</subfield><subfield code="d">NNC</subfield><subfield code="d">DLC</subfield><subfield code="d">StEdNL</subfield></datafield><datafield ind1="0" ind2=" " tag="100"><subfield code="a">Cassius Dio Cocceianus</subfield></datafield><datafield ind1="0" ind2=" " tag="400"><subfield code="a">Dio Cassius Cocceianus</subfield></datafield><datafield ind1="0" ind2=" " tag="400"><subfield code="a">Dion Cassius Cocceianus</subfield></datafield><datafield ind1="0" ind2=" " tag="400"><subfield code="a">Kasjusz Dion Kokcejan</subfield></datafield><datafield ind1="0" ind2=" " tag="400"><subfield code="a">Cassio Dione</subfield></datafield><datafield ind1="1" ind2=" " tag="400"><subfield code="a">Dione, Cassio</subfield></datafield><datafield ind1="0" ind2=" " tag="400"><subfield code="a">Cassius Dio</subfield></datafield><datafield ind1="0" ind2=" " tag="400"><subfield code="a">Kasij Dion</subfield></datafield><datafield ind1="0" ind2=" " tag="400"><subfield code="a">Dion Cassius</subfield></datafield><datafield ind1="0" ind2=" " tag="400"><subfield code="a">Dion Kasios Kokeianosi</subfield></datafield><datafield ind1="0" ind2=" " tag="400"><subfield code="a">Lucio Cassio Dione</subfield></datafield><datafield ind1="0" ind2=" " tag="400"><subfield code="a">Dio Cassius</subfield></datafield><datafield ind1=" " ind2=" " tag="670"><subfield code="a">Bering-Staschewski, R. RoÌ&#x88;mische Zeitgeschichte bei Cassius Dio, 1981:</subfield><subfield code="b">t.p. (Cassius Dio)</subfield></datafield><datafield ind1=" " ind2=" " tag="670"><subfield code="a">Enc. Brit., 1972</subfield><subfield code="b">(Dio Cassius (Cassius Dio) Cocceianus, ca. 150-235; Roman historian, wrote in Greek)</subfield></datafield><datafield ind1=" " ind2=" " tag="670"><subfield code="a">Enc. Amer., 1975</subfield><subfield code="b">(Dio Cassius, more properly called Cassius Dio Cocceianus, ca. 163-after 229)</subfield></datafield><datafield ind1=" " ind2=" " tag="670"><subfield code="a">Collier's, 1972</subfield><subfield code="b">(Dio Cassius surnamed Cocceianus, ca. 155-ca. 235; Roman historian)</subfield></datafield><datafield ind1=" " ind2=" " tag="670"><subfield code="a">SÌ&#x8c;asÌ&#x8c;el Kos, M. Zgodovinska podoba prostora med Akvilejo ... 1986:</subfield><subfield code="b">t.p. (Kasiju Dionu)</subfield></datafield><datafield ind1=" " ind2=" " tag="670"><subfield code="a">His Histoire romaine, 1995:</subfield><subfield code="b">t.p. (Dion Cassius)</subfield></datafield><datafield ind1=" " ind2=" " tag="670"><subfield code="a">Dion Kasiosis cÊ»nobebi SakÊ»artÊ»velos sÌ&#x8c;esaxeb, 1966:</subfield><subfield code="b">introd., p. 7 (Dion Kasios Kokeianosi)</subfield></datafield><datafield ind1=" " ind2=" " tag="670"><subfield code="a">Storia romana, 1998- :</subfield><subfield code="b">v. 5, t.p. (Cassio Dione) p. 5 (Lucio Cassio Dione)</subfield></datafield></record>